@article{Moro2022, title={Efecto de los Niveles Séricos de Vitamina D en el Pronóstico del melanoma Cutáneo}, volume={113}, DOI={10.1016/j.ad.2021.11.001}, number={4}, journal={Actas Dermo-Sifiliográficas}, author={Moro, R. and Sánchez-Silva, A. and Aguerralde-Martin, M. and González-Cuevas, R. and Peruilh-Bagolini, L. and Traves, V. and Manrique-Silva, E. and Requena, C. and Nagore, E.}, year={2022}, pages={347–353}} 

@article{Redondo2014, title={Carcinosarcoma Uterino con extensión pélvica: Presentación de un caso Y revisión de la literatura}, volume={65}, DOI={10.18597/rcog.40}, number={4}, journal={Revista Colombiana de Obstetricia y Ginecología}, author={Redondo-Bermúdez, César and Mendoza-Suárez, Liney and Ruiz-Cáez, Karina and Gómez-Villa, Jorge}, year={2014}, pages={354}} 

@article{CCM2637,
	author = {Ruiz López, Ana and Pérez Mesa, Juan and Cruz Batista, Yanelis and González Lorenzo, Lienny},
	title = {Actualización sobre cáncer de próstata},
	journal = {Correo Científico Médico},
	volume = {21},
	number = {3},
	year = {2017},
	keywords = {},
	abstract = {El cáncer de próstata es una neoplasia hormono-dependiente de importante heterogeneidad. El comportamiento clínico, la respuesta a tratamientos y la supervivencia varían dependiendo de cada paciente. Más del 95\% de los cánceres prostáticos son adenocarcinomas, las variantes que no lo son pueden dividirse en dos grupos con base en su origen celular: epitelial y no epitelial. Las variantes epiteliales son más diferenciadas y biológicamente menos agresivas, mientras que las no epiteliales tienen un comportamiento muy invasor.Su tratamiento está orientado al alivio de la sintomatología, al control de su expansión y a elevar las probabilidades de curación. Palabras clave: Neoplasias, neoplasias de próstata, tratamiento.},
		issn = {2708-5481},	url = {https://revcocmed.sld.cu/index.php/cocmed/article/view/2637}
	}

@book{Bleehen1988, place={London}, edition={1st}, title={Radiobiology in radiotherapy}, publisher={Springer-Verlag}, author={Bleehen, Norman M.}, year={1988}} 

@book{Hall2000, place={Philadelphia}, title={Radiobiology for the Radiologists}, publisher={Lippincott Williams \& Wilkins}, author={Hall, Eric J.}, year={2000}} 

@book{Saha2006, place={New York}, title={Physics and radiobiology of nuclear medicine}, publisher={Springer}, author={Saha, Gopal B.}, year={2006}} 

@book{Tubiana1990, place={London}, title={Introduction to radiobiology}, publisher={Taylor \& Francis}, author={Tubiana, Maurice and Wambersie, André and Dutreix, Jean and Bewley, D. K.}, year={1990}} 